%------------------------- SAMPLES ----------------------
@MANUAL{svgspec,
    title = "Scalable Vector Graphics (SVG) 1.1 Specification {[online]}",
    organization = "WWW Consorcium",
    url = "http://www.w3.org/TR/2003/REC-SVG11-20030114/",
    note = "[Accessed: 2011-07-07]",
    key = "svg"
}

@INBOOK{kobltypo,
	title = "Praktick{\' a} typografie",
	author = "Pavel Ko{\v c}i{\v c}ka and Filip Bla{\v z}ek",
	publisher = "Brno: Computer Press",
	year = "2004"
}

@BOOK{rybicka,
	title = "LaTeX pro za\v c\'ate\v cn\'\i{}ky",
	author = "Ji{\v r}{\' i} Rybi{\v c}ka",
	isbn = "80-7302-049-1",
	publisher = "Brno: Konvoj",
	edition = "3"
}

@MANUAL{iso690,
	organization = "\'U\v rad pro technickou normalizaci, metrologii a st\'atn\'\i{} zku\v sebnictv\'\i{}",
	title = "\v CSN ISO 690 Informace a dokumentace -- Pravidla pro bibliografick\'e odkazy a citace informa\v cn\'\i{}ch zdroj{\r u}",
	year = "2011"
}


@ARTICLE {sitova-karta-s-fpga-xilinx,
    title  = "Síťová karta s FPGA Xilinx pro 1 a 10GbE",
    journal = "V: Pandatron - elektrotechnický magazín {[online]}",
    howpublished = "[online]",
    month  = "červen",
    year   = "2013",
    note = "[Accessed: 2015-10-31]",
    url    = "http://pandatron.cz/?2939&sitova_karta_s_fpga_xilinx_pro_1_a_10gbe"
}
%------------------------ SAMPLES END----------------------
@MISC{airMap,
    title = "AirMap websites",
    author = "AIRMAP, INC.",
    howpublished = {online},
    url = "https://www.airmap.com",
    note = "[Accessed: 2020-04-08]",
}

@MANUAL{statelessWidget,
    title = "StatelessWidget class {[online]}",
    organization = "Google, Inc.",
    url = "https://api.flutter.dev/flutter/widgets/StatelessWidget-class.html",
    note = "[Accessed: 2020-04-08]"
}

@MANUAL{renderObjectWidget,
    title = "RenderObjectWidget class {[online]}",
    organization = "Google, Inc.",
    url = "https://api.flutter.dev/flutter/widgets/RenderObjectWidget-class.html",
    note = "[Accessed: 2020-04-27]"
}

@MANUAL{renderObject,
    title = "RenderObject class {[online]}",
    organization = "Google, Inc.",
    url = "https://api.flutter.dev/flutter/rendering/RenderObject-class.html",
    note = "[Accessed: 2020-04-27]"
}

@MANUAL{statefulWidget,
    title = "StatefulWidget class {[online]}",
    organization = "Google, Inc.",
    url = "https://api.flutter.dev/flutter/widgets/StatefulWidget-class.html",
    note = "[Accessed: 2020-04-08]"
}

@MANUAL{state,
    title = "State class {[online]}",
    organization = "Google, Inc.",
    url = "https://api.flutter.dev/flutter/widgets/State-class.html",
    note = "[Accessed: 2020-04-27]"
}

@MANUAL{setState,
    title = "setState method {[online]}",
    organization = "Google, Inc.",
    url = "https://api.flutter.dev/flutter/widgets/State/setState.html",
    note = "[Accessed: 2020-04-27]"
}

@MANUAL{inheritedWidget,
    title = "InheritedWidget class {[online]}",
    organization = "Google, Inc.",
    url = "https://api.flutter.dev/flutter/widgets/InheritedWidget-class.html",
    note = "[Accessed: 2020-04-08]"
}

@MANUAL{dependOnInheritedWidgetOfExactType,
    title = "BuildContext class, dependOnInheritedWidgetOfExactType<T extends InheritedWidget> method {[online]}",
    author = "Google, Inc.",
    url = "https://api.flutter.dev/flutter/widgets/BuildContext/dependOnInheritedWidgetOfExactType.html",
    note = "[Accessed: 2020-04-26]"
}

@MANUAL{bloc,
    title = "Bloc, a Dart package {[online]}",
    author = "Felix Angelov (felangel)",
    url = "https://github.com/felangel/bloc/blob/master/packages/bloc/README.md",
    note = "[Accessed: 2020-04-26]"
}

@ARTICLE{hydratedBlocTut,
    title = "Caching Bloc State with “Hydrated Bloc” - Flutter Community",
    journal = "Medium",
    author = "Felix Angelov",
    howpublished = "[online]",
    month = "June",
    year = "2019",
    note = "[Accessed: 2020-05-16]",
    url = "https://medium.com/flutter-community/caching-bloc-state-with-hydrated-bloc-e565f81520a4"
}

@MANUAL{hydratedBlocPubDev,
    title = "Hydrated Bloc, a Dart package {[online]}",
    author = "Felix Angelov (felangel)",
    url = "https://pub.dev/packages/hydrated_bloc",
    note = "[Accessed: 2020-05-16]"
}

@MANUAL{pathProvider,
    title = "Path Provider, a Dart package {[online]}",
    author = "Flutter Community",
    url = "https://pub.dev/packages/path_provider",
    note = "[Accessed: 2020-05-16]"
}

@MANUAL{hydratedBlocExample,
    title = "Example - Hydrated Bloc, a Dart package {[online]}",
    author = "Felix Angelov (felangel)",
    url = "https://github.com/felangel/hydrated_bloc/tree/master/example",
    note = "[Accessed: 2020-05-16]"
}

@MANUAL{hydratedBlocStorage,
    title = "Hydrated Bloc Storage, a Dart package {[online]}",
    author = "Felix Angelov (felangel)",
    url = "https://github.com/felangel/hydrated_bloc/blob/master/lib/src/hydrated_bloc_storage.dart",
    note = "[Accessed: 2020-05-16]"
}

@MISC{hifiPrototype,
    title = "PH1-MVP",
    author = "Adobe Inc.",
    howpublished = {online},
    url = "https://xd.adobe.com/view/c0ace277-443a-49d6-5eaa-7c3f3951fdc3-b69d/",
    note = "[Accessed: 2020-05-28]",
}

@MANUAL{dataModel,
    title = "Datový model webové platformy :: Dokumentační web Dronetag {[online]}",
    organization = "Dronetag s.r.o.",
    url = "https://docs.dronetag.cz/kbase/platform/datamodel.html",
    note = "[Accessed: 2020-04-19]"
}

@MANUAL{redis,
    title = "Redis {[online]}",
    organization = "Redis labs",
    url = "https://redis.io",
    note = "[Accessed: 2020-05-09]"
}

@ARTICLE{amazonArticle,
    title = "Amazon's New Delivery Drone Will Start Shipping Packages 'In A Matter Of Months'",
    journal = "Forbes Media LLC",
    author = "Jillian D'Onfro",
    howpublished = "[online]",
    month = "June",
    year = "2019",
    note = "[Accessed: 2020-05-09]",
    url = "https://www.forbes.com/sites/jilliandonfro/2019/06/05/amazon-new-delivery-drone-remars-warehouse-robots-alexa-prediction/"
}

@MANUAL{docker,
    title = "Why Docker? | Docker {[online]}",
    organization = "Docker Inc.",
    url = "https://www.docker.com/why-docker",
    note = "[Accessed: 2020-05-10]"
}

@MANUAL{dockerDescription,
    title = "What is Docker? | Opensource.com {[online]}",
    organization = "Red Hat, Inc.",
    url = "https://opensource.com/resources/what-docker",
    note = "[Accessed: 2020-05-10]"
}

@MANUAL{dockerContainer,
    title = "What is a Container? | App Containerization | Docker {[online]}",
    organization = "Docker Inc.",
    url = "https://www.docker.com/resources/what-container",
    note = "[Accessed: 2020-05-10]"
}

@MANUAL{dockerCompose,
    title = "Overview of Docker Compose | Docker Documentation {[online]}",
    organization = "Docker Inc.",
    url = "https://docs.docker.com/compose/",
    note = "[Accessed: 2020-05-10]"
}

@MANUAL{kubernetes,
    title = "Production-Grade Container Orchestration - Kubernetes {[online]}",
    organization = "The Kubernetes Authors",
    url = "https://kubernetes.io",
    note = "[Accessed: 2020-05-10]"
}

@ARTICLE{didierboelens,
    title = "Reactive Programming - Streams - BLoC",
    journal = "Didier Boelens Blog",
    author = "Didier Boelens",
    howpublished = "[online]",
    month = "August",
    year = "2018",
    note = "[Accessed: 2020-05-10]",
    url = "https://www.didierboelens.com/2018/08/reactive-programming-streams-bloc/"
}

@MANUAL{pubDev,
    title = "Dart packages {[online]}",
    organization = "Dart Community",
    url = "https://pub.dev",
    note = "[Accessed: 2020-05-10]"
}

@ARTICLE{flutterVsReactNativeHackrIo,
    title = "React Native vs Flutter",
    journal = "hackr.io Blog",
    author = "Youssef Nader",
    howpublished = "[online]",
    month = "April",
    year = "2020",
    note = "[Accessed: 2020-05-16]",
    url = "https://hackr.io/blog/react-native-vs-flutter"
}

@ARTICLE{flutterVsReactNativeNevercodeIo,
    title = "Flutter vs React Native: A Developer’s Perspective",
    journal = "nevercode.io Blog",
    author = "Shashikant Jagtap",
    howpublished = "[online]",
    month = "April",
    year = "2020",
    note = "[Accessed: 2020-05-16]",
    url = "https://nevercode.io/blog/flutter-vs-react-native-a-developers-perspective/"
}

@MANUAL{dartTypeSystem,
    title = "The Dart type system | Dart {[online]}",
    organization = "Dart Community",
    url = "https://dart.dev/guides/language/sound-dart",
    note = "[Accessed: 2020-05-16]"
}

@MANUAL{flutterTechnicalOverview,
    title = "Technical overview - Flutter {[online]}",
    organization = "flutter-dev",
    url = "https://flutter.dev/docs/resources/technical-overview",
    note = "[Accessed: 2020-05-16]"
}

@ARTICLE{kubernetesArticle,
    title = "Borg, Omega, and Kubernetes",
    journal = "acmqueue",
    author = "Google Inc.",
    howpublished = "[online]",
    month = "March",
    year = "2016",
    note = "[Accessed: 2020-05-17]",
    url = "https://queue.acm.org/detail.cfm?id=2898444"
}

@ARTICLE{hiFiLoFiPrototypeArticle,
    title = "Low-fidelity vs. high-fidelity prototyping",
    journal = "Invision Design",
    author = "Emily Esposito",
    howpublished = "[online]",
    month = "May",
    year = "2018",
    note = "[Accessed: 2020-05-17]",
    url = "https://www.invisionapp.com/inside-design/low-fi-vs-hi-fi-prototyping/"
}

@ARTICLE{nnGroup,
    title = "10 Usability Heuristics for User Interface Design",
    journal = "nngroup.com",
    author = "Jakob Nielsen",
    howpublished = "[online]",
    month = "April",
    year = "1994",
    note = "[Accessed: 2020-05-17]",
    url = "https://www.nngroup.com/articles/ten-usability-heuristics/"
}

@MANUAL{geoJson,
    title = "GeoJSON {[online]}",
    organization = "The Internet Engineering Task Force (IETF)",
    url = "https://geojson.org",
    note = "[Accessed: 2020-05-17]"
}

@MANUAL{jwtToken,
    title = "JSON Web Tokens - jwt.io {[online]}",
    organization = "Auth0",
    url = "https://jwt.io",
    note = "[Accessed: 2020-05-18]"
}

@ARTICLE{iocPrinciple,
    title = "Inversion of Control Containers and the Dependency Injection pattern",
    journal = "martinfowler.com",
    author = "Martin Fowler",
    howpublished = "[online]",
    month = "January",
    year = "2004",
    note = "[Accessed: 2020-05-18]",
    url = "https://martinfowler.com/articles/injection.html"
}

@MANUAL{poi,
    title = "Businesses and Other Points of Interest {[online]}",
    organization = "Google Inc.",
    url = "https://developers.google.com/maps/documentation/android-sdk/poi",
    note = "[Accessed: 2020-05-19]"
}

@BOOK{sqa,
    title = "Mastering Software Quality Assurance",
    author = "Murali Chemuturi",
    isbn = "978-1-60427-032-7",
    publisher = "J. Ross Publishing",
    edition = "1"
}

@MANUAL{cupertino,
    title = "Cupertino (iOS-style) widgets - Flutter {[online]}",
    organization = "Google Inc.",
    url = "https://flutter.dev/docs/development/ui/widgets/cupertino",
    note = "[Accessed: 2020-05-20]"
}

@ARTICLE{materialDesignArticle,
    title = "Google’s software design is having a reformation",
    journal = "The Verge",
    author = "Dieter Bohn",
    howpublished = "[online]",
    month = "May",
    year = "2018",
    note = "[Accessed: 2020-05-20]",
    url = "https://www.theverge.com/2018/5/10/17339230/google-material-design-theme-update-new-tools-matias-duarte"
}

@MANUAL{materialDesign,
    title = "Components - Material Design {[online]}",
    organization = "Google Inc.",
    url = "https://material.io/components",
    note = "[Accessed: 2020-05-20]"
}

@MISC{airspace,
    title = "Airspace of the Czech republic",
    author = "Air Navigation Services of the Czech Republic",
    howpublished = {online},
    url = "https://aim.rlp.cz/vfrmanual/actual/enr_1_en.html",
    note = "[Accessed: 2020-05-21]",
}

@MANUAL{flyCarefully,
    title = "L{\' e}tejte zodpov{\v e}dn{\v e} {[online]}",
    organization = "Air Navigation Services of the Czech Republic",
    url = "https://letejtezodpovedne.cz",
    note = "[Accessed: 2020-05-21]"
}

@MANUAL{aisView,
    title = "AisView 3.7 {[online]}",
    organization = "Air Navigation Services of the Czech Republic",
    url = "https://aisview.rlp.cz",
    note = "[Accessed: 2020-05-21]"
}

@ARTICLE{crossPlatformFrameworokComparation,
    title = "React Native vs. Xamarin vs. Ionic vs. Flutter: Which is better?",
    journal = "Apptunix",
    author = "Naiya Sharma",
    howpublished = "[online]",
    month = "September",
    year = "2018",
    note = "[Accessed: 2020-05-21]",
    url = "https://www.apptunix.com/blog/frameworks-cross-platform-mobile-app-development/"
}

@MANUAL{googleMapsPolygon,
    title = "Simple Polygon | Maps JavaScript API | Google Developers {[online]}",
    organization = "Google Inc.",
    url = "https://developers.google.com/maps/documentation/javascript/examples/polygon-simple",
    note = "[Accessed: 2020-05-21]"
}

@MANUAL{googleMapsCircles,
    title = "Circles | Maps JavaScript API | Google Developers {[online]}",
    organization = "Google Inc.",
    url = "https://developers.google.com/maps/documentation/javascript/examples/circle-simple",
    note = "[Accessed: 2020-05-21]"
}

@MANUAL{latLngBounds,
    title = "LatLngBounds | Google API for Android | Google Developers {[online]}",
    organization = "Google Inc.",
    url = "https://developers.google.com/android/reference/com/google/android/gms/maps/model/LatLngBounds",
    note = "[Accessed: 2020-05-22]"
}

@ARTICLE{geometricAlgorithms,
    title = "Geometric Algorithms",
    journal = "Glasgow University",
    author = "Patrick Prosser",
    howpublished = "[online]",
    month = "March",
    year = "2000",
    note = "[Accessed: 2020-05-21]",
    url = "http://www.dcs.gla.ac.uk/~pat/52233/slides/Geometry1x1.pdf"
}

@MANUAL{airMapDevelopers,
    title = "AirMap Developers {[online]}",
    organization = "AirMap Inc.",
    url = "https://developers.airmap.com",
    note = "[Accessed: 2020-05-22]"
}

@MISC{mapBox,
    title = "Mapbox",
    author = "Mapbox",
    howpublished = {online},
    url = "https://www.mapbox.com",
    note = "[Accessed: 2020-05-22]",
}

@MISC{eurocontrol,
    title = "EUROCONTROL | Supporting European Aviation | EUROCONTROL",
    author = "The European Organisation for the Safety of Air Navigation",
    howpublished = {online},
    url = "https://www.eurocontrol.int",
    note = "[Accessed: 2020-05-22]",
}

@MISC{altitudeAngel,
    title = "GuardianUTM",
    author = "Altitude Angel",
    howpublished = {online},
    url = "https://docs.altitudeangel.com/docs",
    note = "[Accessed: 2020-05-22]",
}

@MISC{unifly,
    title = "Home | Unifly",
    author = "Unifly",
    howpublished = {online},
    url = "https://www.unifly.aero",
    note = "[Accessed: 2020-05-22]",
}

@MISC{maia,
    title = "MAIA - Mobile Aircraft Identification Application | MAIA",
    author = "UpVision s.r.o.",
    howpublished = {online},
    url = "https://flymaia.com",
    note = "[Accessed: 2020-05-22]",
}

@MISC{droneAssist,
    title = "Safety Apps - Dronesafe",
    author = "National Air Traffic Services",
    howpublished = {online},
    url = "https://dronesafe.uk/safety-apps/",
    note = "[Accessed: 2020-05-25]",
}

@MISC{kittyhawk,
    title = "Kittyhawk - Safety Apps - Drone Fleet Management System",
    author = "Kittyhawk.io, Inc.",
    howpublished = {online},
    url = "https://kittyhawk.io",
    note = "[Accessed: 2020-05-25]",
}

@ARTICLE{mvc,
    title = "Flexible Self-Management Using the Model-View-Controller Pattern",
    journal = "IEEE Software",
    author = "Edward Curry, Paul Grace",
    howpublished = "[online]",
    month = "April",
    year = "2008",
    note = "[Accessed: 2020-05-25]",
    url = "https://ieeexplore.ieee.org/document/4497770"
}

@MISC{adobeXd,
    title = "UI/UX design and collaboration tool | Adobe XD",
    author = "Adobe Inc.",
    howpublished = {online},
    url = "https://www.adobe.com/products/xd.html",
    note = "[Accessed: 2020-05-25]",
}

@BOOK{prototyping,
    title = "Designing UX: prototyping",
    author = "Ben Coleman, Dan Goodwin",
    isbn = {9780994347084},
    publisher = "SitePoint",
    note = "[Accessed: 2020-05-25]",
    year = "2017",
}

@BOOK{softwareArchitecture,
    title = "Agile Software Architecture",
    author = "Muhammad Ali Babar, Alan W. Brown, Ivan Mistrik",
    isbn = "9780124078857",
    publisher = "Elsevier Science and Technology",
    edition = "1"
}

@BOOK{softwareDesign,
    title = "Software Design for Engineers and Scientists",
    author = "John Allen Robinson",
    isbn = "9780080474403",
    publisher = "Elsevier Science and Technology",
    edition = "1"
}

@BOOK{regExp,
    title = "Theory of Computation",
    author = "George Tourlakis",
    isbn = "9781118315330",
    publisher = "John Wiley and Sons, Incorporated",
    edition = "1"
}

@BOOK{effectivePrototyping,
    title = "Effective Prototyping for Software Makers",
    author = "Jonathan Arnowitz, Michael Arent, Nevin Berger",
    isbn = "9780080468969",
    publisher = "Elsevier Science and Technology",
    edition = "1"
}

@MISC{icao,
    title = "Home | International Civil Aviation Organization",
    author = "International Civil Aviation Organization",
    howpublished = {online},
    url = "https://www.icao.int/Pages/default.aspx",
    note = "[Accessed: 2020-05-26]",
}

@MISC{chmi,
    title = "CHMI Portal : Home",
    author = "Czech Hydrometeorological Institute",
    howpublished = {online},
    url = "http://portal.chmi.cz/?l=en",
    note = "[Accessed: 2020-05-26]",
}

@BOOK{flutterBook,
    title = "Flutter Projects: A practical, project-based guide to building real-world cross-platform mobile applications and games",
    author = "Simone Alessandria",
    isbn = "9781838642532",
    publisher = "Packt Publishing Ltd",
    edition = "1"
}

@BOOK{pythagoreanTheorem,
    title = "The Metaphysics of the Pythagorean Theorem",
    author = "Robert Hahn",
    isbn = "9781438464893",
    publisher = "SUNY Press",
    edition = "1"
}

@MISC{spaceHackathon,
    title = "Results from the Space Application Hackathon - CSW 2020",
    author = "Investment and Business Development Agency CzechInvest",
    howpublished = {online},
    url = "http://www.czechspaceyear.com/results-from-space-application-hackathon/",
    note = "[Accessed: 2020-05-27]",
}

@MANUAL{python,
    title = "Our Documentation | Python.org {[online]}",
    organization = "Python Software Foundation",
    url = "https://www.python.org/doc/",
    note = "[Accessed: 2020-05-27]"
}

@MISC{uas,
    title = "Unmanned aircraft systems | EUROCONTROL",
    author = "EUROCONTROL",
    howpublished = {online},
    url = "https://www.eurocontrol.int/unmanned-aircraft-systems",
    note = "[Accessed: 2020-05-27]",
}

@MANUAL{yaml,
    title = "The Offical YAML Web Site {[online]}",
    organization = "The YAML Project",
    url = "https://yaml.org",
    note = "[Accessed: 2020-05-27]"
}
